@book{RabEBE,
	author = {Forename Surname},
	title = {Title of Book {ABC}},
	publisher = {Publisher},
	year = {2003}
}

@book{Norros,
	author = {Forename Surname},
	title = {Title of Book {DEF}},
	publisher = {Publisher},
	year = {2003}
}
