@book{kn:c,
	key = "Knuth",
        crossref = {kn:d},
	author = "D. E. Knuth",
	title = "Computers and Typesetting",
	volume = "C",
	subtitle = "The {\MF}book",
	publisher = "Addison Wesley",
	address = "Reading, Massachusetts",
	year = 1986
}
@book{kn:d,
	key = "Knuth",
	author = "D. E. Knuth",
	title = "Computers and Typesetting",
	volume = "D",
	subtitle = "{\MF} the Program",
	publisher = "Addison Wesley",
	address = "Reading, Massachusetts",
	year = 1986
}
